@article{lillicrap15,
	title={Continuous control with deep reinforcement learning},
	author={Timothy P. Lillicrap and Jonathan J. Hunt and
			Alexander Pritzel and Nicolas Heess and Tom Erez
			and Yuval Tassa and David Silver and Daan Wierstra},
	journal={CoRR},
	volume={abs/1509.02971},
	year={2015},
	url={http://arxiv.org/abs/1509.02971},
	archivePrefix={arXiv},
	eprint={1509.02971},
	timestamp={Wed, 07 Jun 2017 14:40:26 +0200},
	biburl={https://dblp.org/rec/bib/journals/corr/LillicrapHPHETS15},
	bibsource={dblp computer science bibliography, https://dblp.org}
}
	